<?xml version="1.0" encoding="UTF-8"?><collection xmlns="http://www.loc.gov/MARC21/slim"><record><leader>00588nam--2200181-i-4500</leader><controlfield tag="001">000005387</controlfield><controlfield tag="002">20161230</controlfield><controlfield tag="005">20161230201026</controlfield><controlfield tag="008">060222s1000------------r-----000-0-ger-d</controlfield><datafield ind1=" " ind2=" " tag="040"><subfield code="a">IFIN-HH</subfield></datafield><datafield ind1=" " ind2=" " tag="041"><subfield code="a">ger</subfield></datafield><datafield ind1=" " ind2=" " tag="080"><subfield code="a">537.531(061.3)</subfield></datafield><datafield ind1="1" ind2=" " tag="100"><subfield code="a">Petcov, Alexe</subfield></datafield><datafield ind1="1" ind2="0" tag="245"><subfield code="a">RONTGENOGRAPHISCHE UNTERSUCHUNGEN AN LITHIUMNIOBAT, LiNbO3: AUSWIRKUNGEN DER ANISOTROPEN CHEMISCHEN UMGEBUNG AUF DAS STREUVERMOGEN VON NIOB</subfield><subfield code="b">Dissertation</subfield><subfield code="c">Alexe petcov</subfield></datafield><datafield ind1=" " ind2=" " tag="260"><subfield code="a">Saarlandes</subfield><subfield code="b">Universitat Des Saarlands</subfield><subfield code="c">1989</subfield></datafield><datafield ind1=" " ind2=" " tag="300"><subfield code="a">136P</subfield></datafield><datafield ind1=" " ind2=" " tag="852"><subfield code="a">78882</subfield><subfield code="c">537.531</subfield></datafield><datafield ind1=" " ind2=" " tag="CAT"><subfield code="a">Sys</subfield><subfield code="c">20110810</subfield><subfield code="h">153705</subfield></datafield></record></collection>